@book{aitchison2008aquifer,
  title = {{Aquifer test guidelines}},
  author = {Aitchison-Earl, Philippa and Smith, Matt},
  year = {2008},
  publisher = {Environment Canterbury},
}


@inproceedings{van1985brief,
  title = {{Brief quantitative guidelines for the design and analysis of pumping tests}},
  author = {Van der Kamp, G},
  booktitle = {Hydrogeology in the service of man: Cambridge, Memoirs of the 18th Congress of the International Association of Hydrogeologists, Part},
  volume = {4},
  pages = {197--206},
  year = {1985},
}


@article{moench1994specific,
  title = {{Specific Yield as Determined by Type-Curve Analysis of Aquifer-Test Data}},
  author = {Moench, Allen F},
  journal = {Ground Water},
  volume = {32},
  number = {6},
  pages = {949--957},
  year = {1994},
  publisher = {Wiley Online Library},
}


@book{boonstra1989satem,
  title = {{SATEM: Selected aquifer test evaluation methods: a microcomputer program}},
  author = {Boonstra, Johannes},
  year = {1989},
  publisher = {International Institute for Land Reclamation and Improvement},
}


@article{sen1986determination,
  title = {{Determination of Aquifer Parameters by the Slope-Matching Method}},
  author = {Sen, Zek{\^a}i},
  journal = {Ground Water},
  volume = {24},
  number = {2},
  pages = {217--223},
  year = {1986},
  publisher = {Wiley Online Library},
}


@article{lebbe1995validation,
  title = {{Validation of an inverse numerical model for interpretation of pumping tests and a study of factors influencing accuracy of results}},
  author = {Lebbe, Luc and De Breuck, W},
  journal = {Journal of Hydrology},
  volume = {172},
  number = {1},
  pages = {61--85},
  year = {1995},
  publisher = {Elsevier},
}


@article{de1965comparative,
  title = {{A comparative study on the hydraulic conductivity of unconsolidated sediments}},
  author = {De Ridder, NA and Wit, KE},
  journal = {Journal of Hydrology},
  volume = {3},
  number = {3},
  pages = {180--206},
  year = {1965},
  publisher = {Elsevier},
}


@article{razack1991assessing,
  title = {{Assessing transmissivity from specific capacity in a large and heterogeneous alluvial aquifer}},
  author = {Razack, Moumtaz and Huntley, David},
  journal = {Ground Water},
  volume = {29},
  number = {6},
  pages = {856--861},
  year = {1991},
  publisher = {Wiley Online Library},
}


@article{boonstra1986analysis,
  title = {{Analysis of data from aquifer and well tests in intrusive dikes}},
  author = {Boonstra, J and Boehmer, WK},
  journal = {Journal of Hydrology},
  volume = {88},
  number = {3},
  pages = {301--317},
  year = {1986},
  publisher = {Elsevier},
}


@article{raghavan2004review,
  title = {{A review of applications to constrain pumping test responses to improve on geological description and uncertainty}},
  author = {Raghavan, Rajagopal},
  journal = {Reviews of Geophysics},
  volume = {42},
  number = {4},
  year = {2004},
  publisher = {Wiley Online Library},
}


@book{kruseman1994analysis,
  title = {{Analysis and evaluation of pumping test data}},
  author = {Kruseman, Gideon Pieter and De Ridder, Nicolaas Arie and Verweij, Johanna Maria},
  year = {1994},
  publisher = {International institute for land reclamation and improvement Wageningen, The Netherlands},
}


@article{Johnson_2001,
  doi = {10.1111/j.1745-6584.2001.tb02346.x},
  url = {http://dx.doi.org/10.1111/j.1745-6584.2001.tb02346.x},
  year = {2001},
  month = {jul},
  publisher = {Wiley-Blackwell},
  volume = {39},
  number = {4},
  pages = {582--592},
  author = {Gary S. Johnson and Donna M. Cosgrove and David B. Frederick},
  title = {{A Numerical Model and Spreadsheet Interface for Pumping Test Analysis}},
  journal = {Ground Water},
}


@article{Rushton_1976,
  doi = {10.1016/0022-1694(76)90049-4},
  url = {http://dx.doi.org/10.1016/0022-1694(76)90049-4},
  year = {1976},
  month = {jan},
  publisher = {Elsevier {BV}},
  volume = {28},
  number = {1},
  pages = {13--27},
  author = {K.R. Rushton and S.J. Booth},
  title = {{Pumping-test analysis using a discrete time-discrete space numerical method}},
  journal = {Journal of Hydrology},
}


@article{Rathod_1984,
  doi = {10.1111/j.1745-6584.1984.tb01431.x},
  url = {http://dx.doi.org/10.1111/j.1745-6584.1984.tb01431.x},
  year = {1984},
  month = {sep},
  publisher = {Wiley-Blackwell},
  volume = {22},
  number = {5},
  pages = {602--608},
  author = {K. S. Rathod and K. R. Rushton},
  title = {{{NUMERICAL} {METHOD} {OF} {PUMPING} {TEST} {ANALYSIS} {USING} {MICROCOMPUTERS}}},
  journal = {Ground Water},
}
